@techreport{substance,
    author    = "Lipari, Rachel N. and Park-Lee, Eunice",
    title     = "Key substance use and mental health indicators in the United States: Results from the 2018 National Survey on Drug Use and Health",
    institution = "Substance Abuse and Mental Health Services Administration",
    %number   = "",
    address  = "5600 Fishers Lane, Room 15-E09D, Rockville, MD 20857",
    year      = "2018",
}

@article{bethune,
    author  = "Bethune, Sophie",
    title   = "Gen Z More Likely to Report Mental Health Concerns.",
    year    = "2019",
    month   = "January",
    journal = "Monitor on Pscyhology",
    volume  = "50",
    number  = "1",
    pages   = "20"
}

@misc{website:psychology-today,
      author = "Ninivaggi, Frank J.",
      title = "Loneliness: A New Epidemic in the USA",
      month = "February",
      year = "2019",
      url = "https://www.psychologytoday.com/us/blog/envy/201902/loneliness-new-epidemic-in-the-usa"
}

@misc{website:sidewalk-started,
      author = "Sidewalk Talk",
      title = "Our Mission",
      publisher = "Social Good Fund",
      year = "2017",
      url = "https://www.sidewalk-talk.org/why-we-started.html"
}

@article{bevan,
author = {Bevan, Nigel},
year = {1999},
month = {06},
pages = {1-2},
title = {Usability Issues in Web Site Design}
}


@misc{website:loranger,
      author = "Loranger, Hoa",
      title = "The Same Link Twice on the Same Page: Do Duplicates Help or Hurt?",
      publisher = "Nielsen Norman Group",
      year = "2016",
      url = "https://www.nngroup.com/articles/duplicate-links/"
}

@misc{website:stross,
      author = "Stross, RAndall",
      title = "Whatâ€™s Coming Out of Silicon Valley",
      publisher = "New York Times",
      year = "2012",
      month = "August",
      url = "https://bits.blogs.nytimes.com/2012/08/23/whats-coming-out-of-silicon-valley/"
}

@misc{website:ontraport,
      author = "Ontraport",
      title = "Membership Site Overview",
      publisher = "Ontraport",
      year = "2013",
      url = "https://ontraport.com/support/membership-sites/how-to-create-a-membership-site/"
}



